@inproceedings{DBLP:conf/seke/ToureBBM20,
  author    = {Fadel Tour{\'{e}} and
               Mourad Badri and
               Linda Badri and
               Wyao Matcha},
  editor    = {Ra{\'{u}}l Garc{\'{\i}}a{-}Castro},
  title     = {Using Deep Learning Classifiers to Identify Candidate Classes for
               Unit Testing in Object-Oriented Systems},
  booktitle = {The 32nd International Conference on Software Engineering and Knowledge
               Engineering, {SEKE} 2020, {KSIR} Virtual Conference Center, USA, July
               9-19, 2020},
  pages     = {353--358},
  publisher = {{KSI} Research Inc.},
  year      = {2020},
  url       = {https://doi.org/10.18293/SEKE2020-147},
  doi       = {10.18293/SEKE2020-147},
  timestamp = {Thu, 20 Aug 2020 15:29:05 +0200},
  biburl    = {https://dblp.org/rec/conf/seke/ToureBBM20.bib},
  bibsource = {dblp computer science bibliography, https://dblp.org}
}

@inproceedings{DBLP:conf/seke/ToureB20,
  author    = {Fadel Tour{\'{e}} and
               Mourad Badri},
  editor    = {Ra{\'{u}}l Garc{\'{\i}}a{-}Castro},
  title     = {Unit Test Effort Prioritization Using Combined Datasets and Deep Learning:
               {A} Cross-Systems Validation {(S)}},
  booktitle = {The 32nd International Conference on Software Engineering and Knowledge
               Engineering, {SEKE} 2020, {KSIR} Virtual Conference Center, USA, July
               9-19, 2020},
  pages     = {359--364},
  publisher = {{KSI} Research Inc.},
  year      = {2020},
  url       = {https://doi.org/10.18293/SEKE2020-150},
  doi       = {10.18293/SEKE2020-150},
  timestamp = {Thu, 20 Aug 2020 01:00:00 +0200},
  biburl    = {https://dblp.org/rec/conf/seke/ToureB20.bib},
  bibsource = {dblp computer science bibliography, https://dblp.org}
}

@article{DBLP:journals/isse/BadriBHO19,
  author    = {Mourad Badri and
               Linda Badri and
               Oussama Hachemane and
               Alexandre Ouellet},
  title     = {Measuring the effect of clone refactoring on the size of unit test
               cases in object-oriented software: an empirical study},
  journal   = {Innov. Syst. Softw. Eng.},
  volume    = {15},
  number    = {2},
  pages     = {117--137},
  year      = {2019},
  url       = {https://doi.org/10.1007/s11334-019-00334-6},
  doi       = {10.1007/s11334-019-00334-6},
  timestamp = {Thu, 13 Aug 2020 01:00:00 +0200},
  biburl    = {https://dblp.org/rec/journals/isse/BadriBHO19.bib},
  bibsource = {dblp computer science bibliography, https://dblp.org}
}

@article{DBLP:journals/mags/CheboutMBB19,
  author    = {Mohamed Sedik Chebout and
               Farid Mokhati and
               Mourad Badri and
               Mohamed Chaouki Babahenini},
  title     = {Monitoring open multi-agent systems: An aspect-oriented programming
               based approach},
  journal   = {Multiagent Grid Syst.},
  volume    = {15},
  number    = {2},
  pages     = {155--177},
  year      = {2019},
  url       = {https://doi.org/10.3233/MGS-190307},
  doi       = {10.3233/MGS-190307},
  timestamp = {Tue, 29 Dec 2020 00:00:00 +0100},
  biburl    = {https://dblp.org/rec/journals/mags/CheboutMBB19.bib},
  bibsource = {dblp computer science bibliography, https://dblp.org}
}

@inproceedings{DBLP:conf/icmla/MoudacheB19,
  author    = {Salim Moudache and
               Mourad Badri},
  editor    = {M. Arif Wani and
               Taghi M. Khoshgoftaar and
               Dingding Wang and
               Huanjing Wang and
               Naeem Seliya},
  title     = {Software Fault Prediction Based on Fault Probability and Impact},
  booktitle = {18th {IEEE} International Conference On Machine Learning And Applications,
               {ICMLA} 2019, Boca Raton, FL, USA, December 16-19, 2019},
  pages     = {1178--1185},
  publisher = {{IEEE}},
  year      = {2019},
  url       = {https://doi.org/10.1109/ICMLA.2019.00195},
  doi       = {10.1109/ICMLA.2019.00195},
  timestamp = {Mon, 24 Feb 2020 16:18:11 +0100},
  biburl    = {https://dblp.org/rec/conf/icmla/MoudacheB19.bib},
  bibsource = {dblp computer science bibliography, https://dblp.org}
}

@inproceedings{DBLP:conf/quatic/OuelletB19,
  author    = {Alexandre Ouellet and
               Mourad Badri},
  editor    = {Mario Piattini and
               Paulo Rupino da Cunha and
               Ignacio Garc{\'{\i}}a Rodr{\'{\i}}guez de Guzm{\'{a}}n and
               Ricardo P{\'{e}}rez{-}Castillo},
  title     = {Empirical Analysis of Object-Oriented Metrics and Centrality Measures
               for Predicting Fault-Prone Classes in Object-Oriented Software},
  booktitle = {Quality of Information and Communications Technology - 12th International
               Conference, {QUATIC} 2019, Ciudad Real, Spain, September 11-13, 2019,
               Proceedings},
  series    = {Communications in Computer and Information Science},
  volume    = {1010},
  pages     = {129--143},
  publisher = {Springer},
  year      = {2019},
  url       = {https://doi.org/10.1007/978-3-030-29238-6\_10},
  doi       = {10.1007/978-3-030-29238-6\_10},
  timestamp = {Wed, 18 Sep 2019 13:59:31 +0200},
  biburl    = {https://dblp.org/rec/conf/quatic/OuelletB19.bib},
  bibsource = {dblp computer science bibliography, https://dblp.org}
}

@article{DBLP:journals/infsof/BoucherB18,
  author    = {Alexandre Boucher and
               Mourad Badri},
  title     = {Software metrics thresholds calculation techniques to predict fault-proneness:
               An empirical comparison},
  journal   = {Inf. Softw. Technol.},
  volume    = {96},
  pages     = {38--67},
  year      = {2018},
  url       = {https://doi.org/10.1016/j.infsof.2017.11.005},
  doi       = {10.1016/j.infsof.2017.11.005},
  timestamp = {Thu, 20 Feb 2020 00:00:00 +0100},
  biburl    = {https://dblp.org/rec/journals/infsof/BoucherB18.bib},
  bibsource = {dblp computer science bibliography, https://dblp.org}
}

@article{DBLP:journals/isse/ToureBL18,
  author    = {Fadel Tour{\'{e}} and
               Mourad Badri and
               Luc Lamontagne},
  title     = {Predicting different levels of the unit testing effort of classes
               using source code metrics: a multiple case study on open-source software},
  journal   = {Innov. Syst. Softw. Eng.},
  volume    = {14},
  number    = {1},
  pages     = {15--46},
  year      = {2018},
  url       = {https://doi.org/10.1007/s11334-017-0306-1},
  doi       = {10.1007/s11334-017-0306-1},
  timestamp = {Thu, 13 Aug 2020 01:00:00 +0200},
  biburl    = {https://dblp.org/rec/journals/isse/ToureBL18.bib},
  bibsource = {dblp computer science bibliography, https://dblp.org}
}

@inproceedings{DBLP:conf/seke/ToureB18,
  author    = {Fadel Tour{\'{e}} and
               Mourad Badri},
  editor    = {{\'{O}}scar Mort{\'{a}}gua Pereira},
  title     = {Prioritizing Unit Testing Effort Using Software Metrics and Machine
               Learning Classifiers {(S)}},
  booktitle = {The 30th International Conference on Software Engineering and Knowledge
               Engineering, Hotel Pullman, Redwood City, California, USA, July 1-3,
               2018},
  pages     = {653--652},
  publisher = {{KSI} Research Inc. and Knowledge Systems Institute Graduate School},
  year      = {2018},
  url       = {https://doi.org/10.18293/SEKE2018-146},
  doi       = {10.18293/SEKE2018-146},
  timestamp = {Fri, 09 Nov 2018 12:28:28 +0100},
  biburl    = {https://dblp.org/rec/conf/seke/ToureB18.bib},
  bibsource = {dblp computer science bibliography, https://dblp.org}
}

@article{DBLP:journals/ijseke/BadriKB17,
  author    = {Mourad Badri and
               Aymen Kout and
               Linda Badri},
  title     = {Investigating the Effect of Aspect-Oriented Refactoring on the Unit
               Testing Effort of Classes: An Empirical Evaluation},
  journal   = {Int. J. Softw. Eng. Knowl. Eng.},
  volume    = {27},
  number    = {5},
  pages     = {749--790},
  year      = {2017},
  url       = {https://doi.org/10.1142/S0218194017500280},
  doi       = {10.1142/S0218194017500280},
  timestamp = {Wed, 22 Jul 2020 01:00:00 +0200},
  biburl    = {https://dblp.org/rec/journals/ijseke/BadriKB17.bib},
  bibsource = {dblp computer science bibliography, https://dblp.org}
}

@article{DBLP:journals/informaticaSI/MazouzMB17,
  author    = {Mihoub Mazouz and
               Farid Mokhati and
               Mourad Badri},
  title     = {Formal Development of Multi-Agent Systems with {FPASSI:} Towards Formalizing
               {PASSI} Methodology using Rewriting Logic},
  journal   = {Informatica (Slovenia)},
  volume    = {41},
  number    = {2},
  year      = {2017},
  url       = {http://www.informatica.si/index.php/informatica/article/view/1271},
  timestamp = {Tue, 23 Jan 2018 00:00:00 +0100},
  biburl    = {https://dblp.org/rec/journals/informaticaSI/MazouzMB17.bib},
  bibsource = {dblp computer science bibliography, https://dblp.org}
}

@article{DBLP:journals/isse/BadriBFT17,
  author    = {Mourad Badri and
               Linda Badri and
               William Flageol and
               Fadel Tour{\'{e}}},
  title     = {Source code size prediction using use case metrics: an empirical comparison
               with use case points},
  journal   = {Innov. Syst. Softw. Eng.},
  volume    = {13},
  number    = {2-3},
  pages     = {143--159},
  year      = {2017},
  url       = {https://doi.org/10.1007/s11334-016-0285-7},
  doi       = {10.1007/s11334-016-0285-7},
  timestamp = {Thu, 13 Aug 2020 01:00:00 +0200},
  biburl    = {https://dblp.org/rec/journals/isse/BadriBFT17.bib},
  bibsource = {dblp computer science bibliography, https://dblp.org}
}

@article{DBLP:journals/mags/ZerrouguiMBB17,
  author    = {Salim Zerrougui and
               Farid Mokhati and
               Mourad Badri and
               Mohamed Chaouki Babahenini},
  title     = {A novel approach for scalability and performance enhancement in {JADE}},
  journal   = {Multiagent Grid Syst.},
  volume    = {13},
  number    = {2},
  pages     = {177--201},
  year      = {2017},
  url       = {https://doi.org/10.3233/MGS-170267},
  doi       = {10.3233/MGS-170267},
  timestamp = {Thu, 04 Jun 2020 01:00:00 +0200},
  biburl    = {https://dblp.org/rec/journals/mags/ZerrouguiMBB17.bib},
  bibsource = {dblp computer science bibliography, https://dblp.org}
}

@inproceedings{DBLP:conf/enase/ToureBL17,
  author    = {Fadel Tour{\'{e}} and
               Mourad Badri and
               Luc Lamontagne},
  editor    = {Ernesto Damiani and
               George Spanoudakis and
               Leszek A. Maciaszek},
  title     = {Investigating the Prioritization of Unit Testing Effort using Software
               Metrics},
  booktitle = {{ENASE} 2017 - Proceedings of the 12th International Conference on
               Evaluation of Novel Approaches to Software Engineering, Porto, Portugal,
               April 28-29, 2017},
  pages     = {69--80},
  publisher = {SciTePress},
  year      = {2017},
  url       = {https://doi.org/10.5220/0006319300690080},
  doi       = {10.5220/0006319300690080},
  timestamp = {Wed, 14 Jun 2017 11:16:50 +0200},
  biburl    = {https://dblp.org/rec/conf/enase/ToureBL17.bib},
  bibsource = {dblp computer science bibliography, https://dblp.org}
}

@inproceedings{DBLP:conf/enase/DehouleBB17,
  author    = {Fabrice D{\'{e}}houl{\'{e}} and
               Linda Badri and
               Mourad Badri},
  editor    = {Ernesto Damiani and
               George Spanoudakis and
               Leszek A. Maciaszek},
  title     = {A Change Impact Analysis Model for Aspect Oriented Programs},
  booktitle = {{ENASE} 2017 - Proceedings of the 12th International Conference on
               Evaluation of Novel Approaches to Software Engineering, Porto, Portugal,
               April 28-29, 2017},
  pages     = {144--157},
  publisher = {SciTePress},
  year      = {2017},
  url       = {https://doi.org/10.5220/0006350701440157},
  doi       = {10.5220/0006350701440157},
  timestamp = {Wed, 14 Jun 2017 01:00:00 +0200},
  biburl    = {https://dblp.org/rec/conf/enase/DehouleBB17.bib},
  bibsource = {dblp computer science bibliography, https://dblp.org}
}

@inproceedings{DBLP:conf/icmla/BadriBHO17,
  author    = {Mourad Badri and
               Linda Badri and
               Oussama Hachemane and
               Alexandre Ouellet},
  editor    = {Xuewen Chen and
               Bo Luo and
               Feng Luo and
               Vasile Palade and
               M. Arif Wani},
  title     = {Exploring the Impact of Clone Refactoring on Test Code Size in Object-Oriented
               Software},
  booktitle = {16th {IEEE} International Conference on Machine Learning and Applications,
               {ICMLA} 2017, Cancun, Mexico, December 18-21, 2017},
  pages     = {586--592},
  publisher = {{IEEE}},
  year      = {2017},
  url       = {https://doi.org/10.1109/ICMLA.2017.00098},
  doi       = {10.1109/ICMLA.2017.00098},
  timestamp = {Wed, 16 Oct 2019 14:14:53 +0200},
  biburl    = {https://dblp.org/rec/conf/icmla/BadriBHO17.bib},
  bibsource = {dblp computer science bibliography, https://dblp.org}
}

@inproceedings{DBLP:conf/icmlsc/BadriBFT17,
  author    = {Mourad Badri and
               Linda Badri and
               William Flageol and
               Fadel Tour{\'{e}}},
  title     = {Investigating the Accuracy of Test Code Size Prediction using Use
               Case Metrics and Machine Learning Algorithms: An Empirical Study},
  booktitle = {Proceedings of the 2017 International Conference on Machine Learning
               and Soft Computing, {ICMLSC} 2017, Ho Chi Minh City, Vietnam, January
               13-16, 2017},
  pages     = {25--33},
  publisher = {{ACM}},
  year      = {2017},
  url       = {https://doi.org/10.1145/3036290.3036323},
  doi       = {10.1145/3036290.3036323},
  timestamp = {Mon, 08 Apr 2019 08:47:17 +0200},
  biburl    = {https://dblp.org/rec/conf/icmlsc/BadriBFT17.bib},
  bibsource = {dblp computer science bibliography, https://dblp.org}
}

@inproceedings{DBLP:conf/qrs/BoucherB17,
  author    = {Alexandre Boucher and
               Mourad Badri},
  title     = {Predicting Fault-Prone Classes in Object-Oriented Software: An Adaptation
               of an Unsupervised Hybrid {SOM} Algorithm},
  booktitle = {2017 {IEEE} International Conference on Software Quality, Reliability
               and Security, {QRS} 2017, Prague, Czech Republic, July 25-29, 2017},
  pages     = {306--317},
  publisher = {{IEEE}},
  year      = {2017},
  url       = {https://doi.org/10.1109/QRS.2017.41},
  doi       = {10.1109/QRS.2017.41},
  timestamp = {Wed, 16 Oct 2019 14:14:57 +0200},
  biburl    = {https://dblp.org/rec/conf/qrs/BoucherB17.bib},
  bibsource = {dblp computer science bibliography, https://dblp.org}
}

@inproceedings{DBLP:conf/enase/BadriBF16,
  author    = {Mourad Badri and
               Linda Badri and
               William Flageol},
  editor    = {Leszek A. Maciaszek and
               Joaquim Filipe},
  title     = {Source and Test Code Size Prediction - {A} Comparison between Use
               Case Metrics and Objective Class Points},
  booktitle = {{ENASE} 2016 - Proceedings of the 11th International Conference on
               Evaluation of Novel Approaches to Software Engineering, Rome, Italy
               27-28 April, 2016},
  pages     = {172--180},
  publisher = {SciTePress},
  year      = {2016},
  url       = {https://doi.org/10.5220/0005857601720180},
  doi       = {10.5220/0005857601720180},
  timestamp = {Fri, 19 May 2017 01:00:00 +0200},
  biburl    = {https://dblp.org/rec/conf/enase/BadriBF16.bib},
  bibsource = {dblp computer science bibliography, https://dblp.org}
}

@inproceedings{DBLP:conf/icinco/CheboutMBB16,
  author    = {Mohamed Sedik Chebout and
               Farid Mokhati and
               Mourad Badri and
               Mohamed Chaouki Babahenini},
  editor    = {Oleg Gusikhin and
               Dimitri Peaucelle and
               Kurosh Madani},
  title     = {Towards Preventive Control for Open {MAS} - An Aspect-based Approach},
  booktitle = {Proceedings of the 13th International Conference on Informatics in
               Control, Automation and Robotics {(ICINCO} 2016) - Volume 1, Lisbon,
               Portugal, July 29-31, 2016},
  pages     = {269--274},
  publisher = {SciTePress},
  year      = {2016},
  url       = {https://doi.org/10.5220/0006005602690274},
  doi       = {10.5220/0006005602690274},
  timestamp = {Tue, 29 Dec 2020 00:00:00 +0100},
  biburl    = {https://dblp.org/rec/conf/icinco/CheboutMBB16.bib},
  bibsource = {dblp computer science bibliography, https://dblp.org}
}

@article{DBLP:journals/eaai/DehimiMB15,
  author    = {Nour El Houda Dehimi and
               Farid Mokhati and
               Mourad Badri},
  title     = {Testing HMAS-based applications: An ASPECS-based approach},
  journal   = {Eng. Appl. Artif. Intell.},
  volume    = {46},
  pages     = {232--257},
  year      = {2015},
  url       = {https://doi.org/10.1016/j.engappai.2015.09.013},
  doi       = {10.1016/j.engappai.2015.09.013},
  timestamp = {Thu, 20 Feb 2020 00:00:00 +0100},
  biburl    = {https://dblp.org/rec/journals/eaai/DehimiMB15.bib},
  bibsource = {dblp computer science bibliography, https://dblp.org}
}

@article{DBLP:journals/ijats/CheboutMB15,
  author    = {Mohamed Sedik Chebout and
               Farid Mokhati and
               Mourad Badri},
  title     = {Assessing the Effect of Aspect Refactoring on Multi-Agent Applications:
               {A} Dynamic Analysis},
  journal   = {Int. J. Agent Technol. Syst.},
  volume    = {7},
  number    = {3},
  pages     = {45--66},
  year      = {2015},
  url       = {https://doi.org/10.4018/IJATS.2015070103},
  doi       = {10.4018/IJATS.2015070103},
  timestamp = {Thu, 10 Sep 2020 01:00:00 +0200},
  biburl    = {https://dblp.org/rec/journals/ijats/CheboutMB15.bib},
  bibsource = {dblp computer science bibliography, https://dblp.org}
}

@article{DBLP:journals/jsw/BadriBJ15,
  author    = {Linda Badri and
               Mourad Badri and
               Nicolas Joly},
  title     = {Towards a Change Impact Analysis Model for Java Programs: An Empirical
               Evaluation},
  journal   = {J. Softw.},
  volume    = {10},
  number    = {4},
  pages     = {441--453},
  year      = {2015},
  url       = {https://doi.org/10.17706/jsw.10.4.441-453},
  doi       = {10.17706/jsw.10.4.441-453},
  timestamp = {Fri, 07 Aug 2020 01:00:00 +0200},
  biburl    = {https://dblp.org/rec/journals/jsw/BadriBJ15.bib},
  bibsource = {dblp computer science bibliography, https://dblp.org}
}

@inproceedings{DBLP:conf/icaart/MazouzMB15,
  author    = {Mihoub Mazouz and
               Farid Mokhati and
               Mourad Badri},
  editor    = {St{\'{e}}phane Loiseau and
               Joaquim Filipe and
               B{\'{e}}atrice Duval and
               H. Jaap van den Herik},
  title     = {Towards an Explicit Bidirectional Requirement-to-Code Traceability
               Meta-model for the {PASSI} Methodology},
  booktitle = {{ICAART} 2015 - Proceedings of the International Conference on Agents
               and Artificial Intelligence, Volume 1, Lisbon, Portugal, 10-12 January,
               2015},
  pages     = {203--209},
  publisher = {SciTePress},
  year      = {2015},
  timestamp = {Tue, 15 Sep 2015 09:41:33 +0200},
  biburl    = {https://dblp.org/rec/conf/icaart/MazouzMB15.bib},
  bibsource = {dblp computer science bibliography, https://dblp.org}
}

@inproceedings{DBLP:conf/scse/BadriTL15,
  author    = {Mourad Badri and
               Fadel Tour{\'{e}} and
               Luc Lamontagne},
  title     = {Predicting Unit Testing Effort Levels of Classes: An Exploratory Study
               based on Multinomial Logistic Regression Modeling},
  booktitle = {Proceedings of the 2015 International Conference on Soft Computing
               and Software Engineering, SCSE'15, Berkeley, CA, USA, March 5-6, 2015},
  series    = {Procedia Computer Science},
  volume    = {62},
  pages     = {529--538},
  publisher = {Elsevier},
  year      = {2015},
  url       = {https://doi.org/10.1016/j.procs.2015.08.528},
  doi       = {10.1016/j.procs.2015.08.528},
  timestamp = {Tue, 30 Jul 2019 16:42:24 +0200},
  biburl    = {https://dblp.org/rec/conf/scse/BadriTL15.bib},
  bibsource = {dblp computer science bibliography, https://dblp.org}
}

@article{DBLP:journals/ijats/AyyoubMB14,
  author    = {Kalache Ayyoub and
               Farid Mokhati and
               Mourad Badri},
  title     = {Towards a New Approach for Controlling the Reorganization Process
               of Multi-Agent Systems},
  journal   = {Int. J. Agent Technol. Syst.},
  volume    = {6},
  number    = {2},
  pages     = {73--91},
  year      = {2014},
  url       = {https://doi.org/10.4018/ijats.2014040104},
  doi       = {10.4018/ijats.2014040104},
  timestamp = {Thu, 10 Sep 2020 01:00:00 +0200},
  biburl    = {https://dblp.org/rec/journals/ijats/AyyoubMB14.bib},
  bibsource = {dblp computer science bibliography, https://dblp.org}
}

@article{DBLP:journals/jserd/ToureBL14,
  author    = {Fadel Tour{\'{e}} and
               Mourad Badri and
               Luc Lamontagne},
  title     = {A metrics suite for JUnit test code: a multiple case study on open
               source software},
  journal   = {J. Softw. Eng. Res. Dev.},
  volume    = {2},
  pages     = {14},
  year      = {2014},
  url       = {https://doi.org/10.1186/s40411-014-0014-6},
  doi       = {10.1186/s40411-014-0014-6},
  timestamp = {Mon, 18 May 2020 01:00:00 +0200},
  biburl    = {https://dblp.org/rec/journals/jserd/ToureBL14.bib},
  bibsource = {dblp computer science bibliography, https://dblp.org}
}

@article{DBLP:journals/jss/ZerrouguiMB14,
  author    = {Salim Zerrougui and
               Farid Mokhati and
               Mourad Badri},
  title     = {Toward a new aspect-mining approach for multi-agent systems},
  journal   = {J. Syst. Softw.},
  volume    = {98},
  pages     = {9--24},
  year      = {2014},
  url       = {https://doi.org/10.1016/j.jss.2014.08.030},
  doi       = {10.1016/j.jss.2014.08.030},
  timestamp = {Mon, 24 Feb 2020 00:00:00 +0100},
  biburl    = {https://dblp.org/rec/journals/jss/ZerrouguiMB14.bib},
  bibsource = {dblp computer science bibliography, https://dblp.org}
}

@inproceedings{DBLP:conf/seke/ToureBL14,
  author    = {Fadel Tour{\'{e}} and
               Mourad Badri and
               Luc Lamontagne},
  editor    = {Marek Reformat},
  title     = {Towards a Unified Metrics Suite for JUnit Test Cases},
  booktitle = {The 26th International Conference on Software Engineering and Knowledge
               Engineering, Hyatt Regency, Vancouver, BC, Canada, July 1-3, 2013},
  pages     = {115--120},
  publisher = {Knowledge Systems Institute Graduate School},
  year      = {2014},
  timestamp = {Thu, 12 Mar 2020 11:30:50 +0100},
  biburl    = {https://dblp.org/rec/conf/seke/ToureBL14.bib},
  bibsource = {dblp computer science bibliography, https://dblp.org}
}

@article{DBLP:journals/jsw/DrouinBT13,
  author    = {Nicholas Drouin and
               Mourad Badri and
               Fadel Tour{\'{e}}},
  title     = {Analyzing Software Quality Evolution using Metrics: An Empirical Study
               on Open Source Software},
  journal   = {J. Softw.},
  volume    = {8},
  number    = {10},
  pages     = {2462--2473},
  year      = {2013},
  url       = {https://doi.org/10.4304/jsw.8.10.2462-2473},
  doi       = {10.4304/jsw.8.10.2462-2473},
  timestamp = {Tue, 15 Sep 2020 01:00:00 +0200},
  biburl    = {https://dblp.org/rec/journals/jsw/DrouinBT13.bib},
  bibsource = {dblp computer science bibliography, https://dblp.org}
}

@article{DBLP:journals/sigsoft/BadriBF13,
  author    = {Mourad Badri and
               Linda Badri and
               William Flageol},
  title     = {On the relationship between use cases and test suites size: an exploratory
               study},
  journal   = {{ACM} {SIGSOFT} Softw. Eng. Notes},
  volume    = {38},
  number    = {4},
  pages     = {1--5},
  year      = {2013},
  url       = {https://doi.org/10.1145/2492248.2492261},
  doi       = {10.1145/2492248.2492261},
  timestamp = {Thu, 17 Sep 2020 01:00:00 +0200},
  biburl    = {https://dblp.org/rec/journals/sigsoft/BadriBF13.bib},
  bibsource = {dblp computer science bibliography, https://dblp.org}
}

@inproceedings{DBLP:conf/enase/DrouinB13,
  author    = {Nicholas Drouin and
               Mourad Badri},
  editor    = {Joaquim Filipe and
               Leszek A. Maciaszek},
  title     = {Investigating the Applicability of the Laws of Software Evolution:
               {A} Metrics Based Study},
  booktitle = {Evaluation of Novel Approaches to Software Engineering - 8th International
               Conference, {ENASE} 2013, Angers, France, July 4-6, 2013, Revised
               Selected Papers},
  series    = {Communications in Computer and Information Science},
  volume    = {417},
  pages     = {174--189},
  publisher = {Springer},
  year      = {2013},
  url       = {https://doi.org/10.1007/978-3-642-54092-9\_13},
  doi       = {10.1007/978-3-642-54092-9\_13},
  timestamp = {Sat, 19 Oct 2019 20:01:10 +0200},
  biburl    = {https://dblp.org/rec/conf/enase/DrouinB13.bib},
  bibsource = {dblp computer science bibliography, https://dblp.org}
}

@inproceedings{DBLP:conf/pts/BadriBF13,
  author    = {Mourad Badri and
               Linda Badri and
               William Flageol},
  editor    = {H{\"{u}}sn{\"{u}} Yenig{\"{u}}n and
               Cemal Yilmaz and
               Andreas Ulrich},
  title     = {Predicting the Size of Test Suites from Use Cases: An Empirical Exploration},
  booktitle = {Testing Software and Systems - 25th {IFIP} {WG} 6.1 International
               Conference, {ICTSS} 2013, Istanbul, Turkey, November 13-15, 2013,
               Proceedings},
  series    = {Lecture Notes in Computer Science},
  volume    = {8254},
  pages     = {114--132},
  publisher = {Springer},
  year      = {2013},
  url       = {https://doi.org/10.1007/978-3-642-41707-8\_8},
  doi       = {10.1007/978-3-642-41707-8\_8},
  timestamp = {Tue, 14 May 2019 10:00:53 +0200},
  biburl    = {https://dblp.org/rec/conf/pts/BadriBF13.bib},
  bibsource = {dblp computer science bibliography, https://dblp.org}
}

@article{DBLP:journals/advse/BadriT12,
  author    = {Mourad Badri and
               Fadel Tour{\'{e}}},
  title     = {Evaluating the Effect of Control Flow on the Unit Testing Effort of
               Classes: An Empirical Analysis},
  journal   = {Adv. Softw. Eng.},
  volume    = {2012},
  pages     = {964064:1--964064:13},
  year      = {2012},
  url       = {https://doi.org/10.1155/2012/964064},
  doi       = {10.1155/2012/964064},
  timestamp = {Fri, 22 May 2020 01:00:00 +0200},
  biburl    = {https://dblp.org/rec/journals/advse/BadriT12.bib},
  bibsource = {dblp computer science bibliography, https://dblp.org}
}

@article{DBLP:journals/sigsoft/KoutTB11,
  author    = {Aymen Kout and
               Fadel Tour{\'{e}} and
               Mourad Badri},
  title     = {An empirical analysis of a testability model for object-oriented programs},
  journal   = {{ACM} {SIGSOFT} Softw. Eng. Notes},
  volume    = {36},
  number    = {4},
  pages     = {1--5},
  year      = {2011},
  url       = {https://doi.org/10.1145/1988997.1989020},
  doi       = {10.1145/1988997.1989020},
  timestamp = {Thu, 17 Sep 2020 01:00:00 +0200},
  biburl    = {https://dblp.org/rec/journals/sigsoft/KoutTB11.bib},
  bibsource = {dblp computer science bibliography, https://dblp.org}
}

@inproceedings{DBLP:conf/seke/BadriT11,
  author    = {Mourad Badri and
               Fadel Tour{\'{e}}},
  title     = {Empirical Analysis for Investigating the Effect of Control Flow Dependencies
               on Testability of Classes},
  booktitle = {Proceedings of the 23rd International Conference on Software Engineering
               {\&} Knowledge Engineering (SEKE'2011), Eden Roc Renaissance, Miami
               Beach, USA, July 7-9, 2011},
  pages     = {475--480},
  publisher = {Knowledge Systems Institute Graduate School},
  year      = {2011},
  timestamp = {Thu, 12 Mar 2020 11:30:49 +0100},
  biburl    = {https://dblp.org/rec/conf/seke/BadriT11.bib},
  bibsource = {dblp computer science bibliography, https://dblp.org}
}

@article{DBLP:journals/tweb/MalakSBB10,
  author    = {Ghazwa Malak and
               Houari A. Sahraoui and
               Linda Badri and
               Mourad Badri},
  title     = {Modeling web quality using a probabilistic approach: An empirical
               validation},
  journal   = {{ACM} Trans. Web},
  volume    = {4},
  number    = {3},
  pages     = {9:1--9:31},
  year      = {2010},
  url       = {https://doi.org/10.1145/1806916.1806918},
  doi       = {10.1145/1806916.1806918},
  timestamp = {Mon, 11 May 2020 01:00:00 +0200},
  biburl    = {https://dblp.org/rec/journals/tweb/MalakSBB10.bib},
  bibsource = {dblp computer science bibliography, https://dblp.org}
}

@inproceedings{DBLP:conf/fgit/BadriBT10,
  author    = {Linda Badri and
               Mourad Badri and
               Fadel Tour{\'{e}}},
  editor    = {Tai{-}Hoon Kim and
               Haeng{-}Kon Kim and
               Muhammad Khurram Khan and
               Kiumi Akingbehin and
               Wai{-}Chi Fang and
               Dominik Slezak},
  title     = {Exploring Empirically the Relationship between Lack of Cohesion and
               Testability in Object-Oriented Systems},
  booktitle = {Advances in Software Engineering - International Conference, {ASEA}
               2010, Held as Part of the Future Generation Information Technology
               Conference, {FGIT} 2010, Jeju Island, Korea, December 13-15, 2010.
               Proceedings},
  series    = {Communications in Computer and Information Science},
  volume    = {117},
  pages     = {78--92},
  publisher = {Springer},
  year      = {2010},
  url       = {https://doi.org/10.1007/978-3-642-17578-7\_9},
  doi       = {10.1007/978-3-642-17578-7\_9},
  timestamp = {Tue, 23 May 2017 01:07:30 +0200},
  biburl    = {https://dblp.org/rec/conf/fgit/BadriBT10.bib},
  bibsource = {dblp computer science bibliography, https://dblp.org}
}

@inproceedings{DBLP:conf/icsoft/BadriBT10,
  author    = {Linda Badri and
               Mourad Badri and
               Fadel Tour{\'{e}}},
  editor    = {Jos{\'{e}} A. Moinhos Cordeiro and
               Maria Virvou and
               Boris Shishkov},
  title     = {Exploring Empirically the Relationship between Lack of Cohesion in
               Object-oriented Systems and Coupling and Size},
  booktitle = {{ICSOFT} 2010 - Proceedings of the Fifth International Conference
               on Software and Data Technologies, Volume 2, Athens, Greece, July
               22-24, 2010},
  pages     = {317--324},
  publisher = {SciTePress},
  year      = {2010},
  timestamp = {Fri, 29 Apr 2011 01:00:00 +0200},
  biburl    = {https://dblp.org/rec/conf/icsoft/BadriBT10.bib},
  bibsource = {dblp computer science bibliography, https://dblp.org}
}

@article{DBLP:journals/jot/MokhatiB09,
  author    = {Farid Mokhati and
               Mourad Badri},
  title     = {Generating Maude Specifications From {UML} Use Case Diagrams},
  journal   = {J. Object Technol.},
  volume    = {8},
  number    = {2},
  pages     = {319--136},
  year      = {2009},
  url       = {https://doi.org/10.5381/jot.2009.8.2.a2},
  doi       = {10.5381/jot.2009.8.2.a2},
  timestamp = {Sat, 25 Apr 2020 01:00:00 +0200},
  biburl    = {https://dblp.org/rec/journals/jot/MokhatiB09.bib},
  bibsource = {dblp computer science bibliography, https://dblp.org}
}

@article{DBLP:journals/jot/BadriBB09,
  author    = {Mourad Badri and
               Linda Badri and
               Maxime Bourque{-}Fortin},
  title     = {Automated State-Based Unit Testing for Aspect-Oriented Programs: {A}
               Supporting Framework},
  journal   = {J. Object Technol.},
  volume    = {8},
  number    = {3},
  pages     = {121--126},
  year      = {2009},
  url       = {https://doi.org/10.5381/jot.2009.8.3.a4},
  doi       = {10.5381/jot.2009.8.3.a4},
  timestamp = {Sat, 25 Apr 2020 01:00:00 +0200},
  biburl    = {https://dblp.org/rec/journals/jot/BadriBB09.bib},
  bibsource = {dblp computer science bibliography, https://dblp.org}
}

@article{DBLP:journals/jot/BadriBT09,
  author    = {Mourad Badri and
               Linda Badri and
               Fadel Tour{\'{e}}},
  title     = {Empirical Analysis of Object-Oriented Design Metrics: Towards a New
               Metric Using Control Flow Paths and Probabilities},
  journal   = {J. Object Technol.},
  volume    = {8},
  number    = {6},
  pages     = {123--142},
  year      = {2009},
  url       = {https://doi.org/10.5381/jot.2009.8.6.a2},
  doi       = {10.5381/jot.2009.8.6.a2},
  timestamp = {Sat, 25 Apr 2020 01:00:00 +0200},
  biburl    = {https://dblp.org/rec/journals/jot/BadriBT09.bib},
  bibsource = {dblp computer science bibliography, https://dblp.org}
}

@inproceedings{DBLP:conf/serp/McheickAMB09,
  author    = {Hamid Mcheick and
               Mehdi Adda and
               Hafedh Mili and
               Mourad Badri},
  editor    = {Hamid R. Arabnia and
               Hassan Reza},
  title     = {Dynamic Object Behaviours in Separation of Concerns Based Systems},
  booktitle = {Proceedings of the 2009 International Conference on Software Engineering
               Research {\&} Practice, {SERP} 2009, July 13-16, 2009, Las Vegas,
               Nevada, USA, 2 Volumes},
  pages     = {349--354},
  publisher = {{CSREA} Press},
  year      = {2009},
  timestamp = {Fri, 10 Dec 2010 13:16:00 +0100},
  biburl    = {https://dblp.org/rec/conf/serp/McheickAMB09.bib},
  bibsource = {dblp computer science bibliography, https://dblp.org}
}

@article{DBLP:journals/ijaose/MokhatiBBHB08,
  author    = {Farid Mokhati and
               Mourad Badri and
               Linda Badri and
               Fathi Hamidane and
               Sofiane Bouazdia},
  title     = {Automated testing sequences generation from {AUML} diagrams: a formal
               verification of agents' interaction protocols},
  journal   = {Int. J. Agent Oriented Softw. Eng.},
  volume    = {2},
  number    = {4},
  pages     = {422--448},
  year      = {2008},
  url       = {https://doi.org/10.1504/IJAOSE.2008.020139},
  doi       = {10.1504/IJAOSE.2008.020139},
  timestamp = {Sun, 10 May 2020 01:00:00 +0200},
  biburl    = {https://dblp.org/rec/journals/ijaose/MokhatiBBHB08.bib},
  bibsource = {dblp computer science bibliography, https://dblp.org}
}

@article{DBLP:journals/ijseke/BoudiafMB08,
  author    = {Noura Boudiaf and
               Farid Mokhati and
               Mourad Badri},
  title     = {Supporting Formal Verification of {DIMA} Multi-Agents Models: towards
               a Framework Based on Maude Model Checking},
  journal   = {Int. J. Softw. Eng. Knowl. Eng.},
  volume    = {18},
  number    = {7},
  pages     = {853--875},
  year      = {2008},
  url       = {https://doi.org/10.1142/S021819400800391X},
  doi       = {10.1142/S021819400800391X},
  timestamp = {Wed, 22 Jul 2020 01:00:00 +0200},
  biburl    = {https://dblp.org/rec/journals/ijseke/BoudiafMB08.bib},
  bibsource = {dblp computer science bibliography, https://dblp.org}
}

@article{DBLP:journals/jot/GagnonMB08,
  author    = {Patrice Gagnon and
               Farid Mokhati and
               Mourad Badri},
  title     = {Applying Model Checking to Concurrent {UML} Models},
  journal   = {J. Object Technol.},
  volume    = {7},
  number    = {1},
  pages     = {59--84},
  year      = {2008},
  url       = {https://doi.org/10.5381/jot.2008.7.1.a1},
  doi       = {10.5381/jot.2008.7.1.a1},
  timestamp = {Sat, 25 Apr 2020 01:00:00 +0200},
  biburl    = {https://dblp.org/rec/journals/jot/GagnonMB08.bib},
  bibsource = {dblp computer science bibliography, https://dblp.org}
}

@article{DBLP:journals/jot/BadriBG08,
  author    = {Linda Badri and
               Mourad Badri and
               Alioune Badara Gueye},
  title     = {Revisiting Class Cohesion: An empirical investigation on several systems},
  journal   = {J. Object Technol.},
  volume    = {7},
  number    = {6},
  pages     = {55--75},
  year      = {2008},
  url       = {https://doi.org/10.5381/jot.2008.7.6.a1},
  doi       = {10.5381/jot.2008.7.6.a1},
  timestamp = {Sat, 25 Apr 2020 01:00:00 +0200},
  biburl    = {https://dblp.org/rec/journals/jot/BadriBG08.bib},
  bibsource = {dblp computer science bibliography, https://dblp.org}
}

@inproceedings{DBLP:conf/seke/BadriBS08,
  author    = {Linda Badri and
               Mourad Badri and
               Daniel St{-}Yves},
  title     = {Predicting Change Propagation in Object-oriented Systems: a Control-call
               Path Based Approach and Associated Tool},
  booktitle = {Proceedings of the Twentieth International Conference on Software
               Engineering {\&} Knowledge Engineering (SEKE'2008), San Francisco,
               CA, USA, July 1-3, 2008},
  pages     = {103--110},
  publisher = {Knowledge Systems Institute Graduate School},
  year      = {2008},
  timestamp = {Thu, 12 Mar 2020 11:30:50 +0100},
  biburl    = {https://dblp.org/rec/conf/seke/BadriBS08.bib},
  bibsource = {dblp computer science bibliography, https://dblp.org}
}

@article{DBLP:journals/informaticaSI/MokhatiBB07,
  author    = {Farid Mokhati and
               Mourad Badri and
               Linda Badri},
  title     = {A Formal Framework Supporting the Specification of the Interactions
               between Agents},
  journal   = {Informatica (Slovenia)},
  volume    = {31},
  number    = {3},
  pages     = {337--350},
  year      = {2007},
  url       = {http://www.informatica.si/index.php/informatica/article/view/154},
  timestamp = {Mon, 15 Feb 2016 00:00:00 +0100},
  biburl    = {https://dblp.org/rec/journals/informaticaSI/MokhatiBB07.bib},
  bibsource = {dblp computer science bibliography, https://dblp.org}
}

@article{DBLP:journals/jot/MassicotteBB07,
  author    = {Philippe Massicotte and
               Linda Badri and
               Mourad Badri},
  title     = {Towards a Tool Supporting Integration Testing of Aspect-Oriented Programs},
  journal   = {J. Object Technol.},
  volume    = {6},
  number    = {1},
  pages     = {67--89},
  year      = {2007},
  url       = {https://doi.org/10.5381/jot.2007.6.1.a1},
  doi       = {10.5381/jot.2007.6.1.a1},
  timestamp = {Sat, 25 Apr 2020 01:00:00 +0200},
  biburl    = {https://dblp.org/rec/journals/jot/MassicotteBB07.bib},
  bibsource = {dblp computer science bibliography, https://dblp.org}
}

@article{DBLP:journals/jot/MokhatiBBB07,
  author    = {Farid Mokhati and
               Noura Boudiaf and
               Mourad Badri and
               Linda Badri},
  title     = {Translating {AUML} Diagrams into Maude Specifications: {A} Formal
               Verification of Agents Interaction Protocols},
  journal   = {J. Object Technol.},
  volume    = {6},
  number    = {4},
  pages     = {77--102},
  year      = {2007},
  url       = {https://doi.org/10.5381/jot.2007.6.4.a2},
  doi       = {10.5381/jot.2007.6.4.a2},
  timestamp = {Sat, 25 Apr 2020 01:00:00 +0200},
  biburl    = {https://dblp.org/rec/journals/jot/MokhatiBBB07.bib},
  bibsource = {dblp computer science bibliography, https://dblp.org}
}

@inproceedings{DBLP:conf/qsic/MokhatiGB07,
  author    = {Farid Mokhati and
               Patrice Gagnon and
               Mourad Badri},
  title     = {Verifying {UML} Diagrams with Model Checking: {A} Rewriting Logic
               Based Approach},
  booktitle = {Seventh International Conference on Quality Software {(QSIC} 2007),
               11-12 October 2007, Portland, Oregon, {USA}},
  pages     = {356--362},
  publisher = {{IEEE} Computer Society},
  year      = {2007},
  url       = {http://doi.ieeecomputersociety.org/10.1109/QSIC.2007.69},
  doi       = {10.1109/QSIC.2007.69},
  timestamp = {Wed, 16 Oct 2019 14:14:56 +0200},
  biburl    = {https://dblp.org/rec/conf/qsic/MokhatiGB07.bib},
  bibsource = {dblp computer science bibliography, https://dblp.org}
}

@article{DBLP:journals/informaticaSI/MokhatiBB06,
  author    = {Farid Mokhati and
               Mourad Badri and
               Linda Badri},
  title     = {A Formal Framework Supporting the Specification of the Interactions
               between Agents},
  journal   = {Informatica (Slovenia)},
  volume    = {30},
  number    = {1},
  pages     = {97--110},
  year      = {2006},
  url       = {http://www.informatica.si/index.php/informatica/article/view/78},
  timestamp = {Mon, 15 Feb 2016 00:00:00 +0100},
  biburl    = {https://dblp.org/rec/journals/informaticaSI/MokhatiBB06.bib},
  bibsource = {dblp computer science bibliography, https://dblp.org}
}

@article{DBLP:journals/jcmse/MokhatiBBB06,
  author    = {Farid Mokhati and
               Noura Boudiaf and
               Linda Badri and
               Mourad Badri},
  title     = {Generating Maude formal specifications from {AUML} diagrams},
  journal   = {J. Comput. Methods Sci. Eng.},
  volume    = {6},
  number    = {5-6},
  pages     = {73--89},
  year      = {2006},
  url       = {http://content.iospress.com/articles/journal-of-computational-methods-in-sciences-and-engineering/jcm00122},
  timestamp = {Thu, 02 Apr 2020 01:00:00 +0200},
  biburl    = {https://dblp.org/rec/journals/jcmse/MokhatiBBB06.bib},
  bibsource = {dblp computer science bibliography, https://dblp.org}
}

@article{DBLP:journals/jot/GelinasBB06,
  author    = {Jean{-}Fran{\c{c}}ois G{\'{e}}linas and
               Mourad Badri and
               Linda Badri},
  title     = {A Cohesion Measure for Aspects},
  journal   = {J. Object Technol.},
  volume    = {5},
  number    = {7},
  pages     = {75--95},
  year      = {2006},
  url       = {https://doi.org/10.5381/jot.2006.5.7.a5},
  doi       = {10.5381/jot.2006.5.7.a5},
  timestamp = {Sat, 25 Apr 2020 01:00:00 +0200},
  biburl    = {https://dblp.org/rec/journals/jot/GelinasBB06.bib},
  bibsource = {dblp computer science bibliography, https://dblp.org}
}

@inproceedings{DBLP:conf/seke/MokhatiBG06,
  author    = {Farid Mokhati and
               Mourad Badri and
               Patrice Gagnon},
  editor    = {Kang Zhang and
               George Spanoudakis and
               Giuseppe Visaggio},
  title     = {Translating {UML} Diagrams Into Maude Formal Specifications: {A} Systematic
               Approach},
  booktitle = {Proceedings of the Eighteenth International Conference on Software
               Engineering {\&} Knowledge Engineering (SEKE'2006), San Francisco,
               CA, USA, July 5-7, 2006},
  pages     = {572--577},
  year      = {2006},
  timestamp = {Thu, 12 Mar 2020 11:30:50 +0100},
  biburl    = {https://dblp.org/rec/conf/seke/MokhatiBG06.bib},
  bibsource = {dblp computer science bibliography, https://dblp.org}
}

@inproceedings{DBLP:conf/wise/MalakSBB06,
  author    = {Ghazwa Malak and
               Houari A. Sahraoui and
               Linda Badri and
               Mourad Badri},
  editor    = {Karl Aberer and
               Zhiyong Peng and
               Elke A. Rundensteiner and
               Yanchun Zhang and
               Xuhui Li},
  title     = {Modeling Web-Based Applications Quality: {A} Probabilistic Approach},
  booktitle = {Web Information Systems - {WISE} 2006, 7th International Conference
               on Web Information Systems Engineering, Wuhan, China, October 23-26,
               2006, Proceedings},
  series    = {Lecture Notes in Computer Science},
  volume    = {4255},
  pages     = {398--404},
  publisher = {Springer},
  year      = {2006},
  url       = {https://doi.org/10.1007/11912873\_41},
  doi       = {10.1007/11912873\_41},
  timestamp = {Tue, 18 Jun 2019 16:48:53 +0200},
  biburl    = {https://dblp.org/rec/conf/wise/MalakSBB06.bib},
  bibsource = {dblp computer science bibliography, https://dblp.org}
}

@inproceedings{DBLP:conf/apsec/BadriBS05,
  author    = {Linda Badri and
               Mourad Badri and
               Daniel St{-}Yves},
  title     = {Supporting Predictive Change Impact Analysis: {A} Control Call Graph
               Based Technique},
  booktitle = {12th Asia-Pacific Software Engineering Conference {(APSEC} 2005),
               15-17 December 2005, Taipei, Taiwan},
  pages     = {167--175},
  publisher = {{IEEE} Computer Society},
  year      = {2005},
  url       = {https://doi.org/10.1109/APSEC.2005.100},
  doi       = {10.1109/APSEC.2005.100},
  timestamp = {Wed, 16 Oct 2019 14:14:50 +0200},
  biburl    = {https://dblp.org/rec/conf/apsec/BadriBS05.bib},
  bibsource = {dblp computer science bibliography, https://dblp.org}
}

@inproceedings{DBLP:conf/iastedSE/GelinasBB05,
  author    = {Jean{-}Fran{\c{c}}ois G{\'{e}}linas and
               Linda Badri and
               Mourad Badri},
  editor    = {Peter Kokol},
  title     = {Measuring Cohesion in Aspect-oriented Systems},
  booktitle = {{IASTED} International Conference on Software Engineering, part of
               the 23rd Multi-Conference on Applied Informatics, Innsbruck, Austria,
               February 15-17, 2005},
  pages     = {343--348},
  publisher = {{IASTED/ACTA} Press},
  year      = {2005},
  timestamp = {Thu, 27 Oct 2005 12:09:59 +0200},
  biburl    = {https://dblp.org/rec/conf/iastedSE/GelinasBB05.bib},
  bibsource = {dblp computer science bibliography, https://dblp.org}
}

@inproceedings{DBLP:conf/rise/MassicotteBB05,
  author    = {Philippe Massicotte and
               Linda Badri and
               Mourad Badri},
  editor    = {Nicolas Guelfi and
               Anthony Savidis},
  title     = {Aspects-Classes Integration Testing Strategy: An Incremental Approach},
  booktitle = {Rapid Integration of Software Engineering Techniques, Second International
               Workshop, {RISE} 2005, Heraklion, Crete, Greece, September 8-9, 2005,
               Revised Selected Papers},
  series    = {Lecture Notes in Computer Science},
  volume    = {3943},
  pages     = {158--173},
  publisher = {Springer},
  year      = {2005},
  url       = {https://doi.org/10.1007/11751113\_12},
  doi       = {10.1007/11751113\_12},
  timestamp = {Sun, 02 Jun 2019 01:00:00 +0200},
  biburl    = {https://dblp.org/rec/conf/rise/MassicotteBB05.bib},
  bibsource = {dblp computer science bibliography, https://dblp.org}
}

@inproceedings{DBLP:conf/sera/MassicotteBB05,
  author    = {Philippe Massicotte and
               Mourad Badri and
               Linda Badri},
  title     = {Generating Aspects-Classes Integration Testing Sequences: {A} Collaboration
               Diagram Based Strategy},
  booktitle = {Third {ACIS} International Conference on Software Engineering, Research,
               Management and Applications {(SERA} 2005), 11-13 August 2005, Mt.
               Pleasant, MI, {USA}},
  pages     = {30--39},
  publisher = {{IEEE} Computer Society},
  year      = {2005},
  url       = {https://doi.org/10.1109/SERA.2005.43},
  doi       = {10.1109/SERA.2005.43},
  timestamp = {Wed, 16 Oct 2019 14:14:48 +0200},
  biburl    = {https://dblp.org/rec/conf/sera/MassicotteBB05.bib},
  bibsource = {dblp computer science bibliography, https://dblp.org}
}

@inproceedings{DBLP:conf/snpd/BadriBB05,
  author    = {Linda Badri and
               Mourad Badri and
               Velou St{\'{e}}phane Bl{\'{e}}},
  editor    = {Lawrence Chung and
               Yeong{-}Tae Song},
  title     = {A Method Level Based Approach for {OO} Integration Testing: An Experimental
               Study},
  booktitle = {Proceedings of the 6th {ACIS} International Conference on Software
               Engineering, Artificial Intelligence, Networking and Parallel/Distributed
               Computing {(SNPD} 2005), May 23-25, 2005, Towson, Maryland, {USA}},
  pages     = {102--109},
  publisher = {{IEEE} Computer Society},
  year      = {2005},
  url       = {https://doi.org/10.1109/SNPD-SAWN.2005.4},
  doi       = {10.1109/SNPD-SAWN.2005.4},
  timestamp = {Wed, 16 Oct 2019 14:14:54 +0200},
  biburl    = {https://dblp.org/rec/conf/snpd/BadriBB05.bib},
  bibsource = {dblp computer science bibliography, https://dblp.org}
}

@article{DBLP:journals/jot/BadriB04,
  author    = {Linda Badri and
               Mourad Badri},
  title     = {A Proposal of a New Class Cohesion Criterion: An Empirical Study},
  journal   = {J. Object Technol.},
  volume    = {3},
  number    = {4},
  pages     = {145--159},
  year      = {2004},
  url       = {https://doi.org/10.5381/jot.2004.3.4.a8},
  doi       = {10.5381/jot.2004.3.4.a8},
  timestamp = {Sat, 25 Apr 2020 01:00:00 +0200},
  biburl    = {https://dblp.org/rec/journals/jot/BadriB04.bib},
  bibsource = {dblp computer science bibliography, https://dblp.org}
}

@inproceedings{DBLP:conf/ecweb/MalakBBS04,
  author    = {Ghazwa Malak and
               Linda Badri and
               Mourad Badri and
               Houari A. Sahraoui},
  editor    = {Kurt Bauknecht and
               Martin Bichler and
               Birgit Pr{\"{o}}ll},
  title     = {Towards a Multidimensional Model for Web-Based Applications Quality
               Assessment},
  booktitle = {E-Commerce and Web Technologies, 5th International Conference, EC-Web
               2004, Zaragoza, Spain, August 31-September 3, 2004, Proceedings},
  series    = {Lecture Notes in Computer Science},
  volume    = {3182},
  pages     = {316--327},
  publisher = {Springer},
  year      = {2004},
  url       = {https://doi.org/10.1007/978-3-540-30077-9\_32},
  doi       = {10.1007/978-3-540-30077-9\_32},
  timestamp = {Tue, 14 May 2019 10:00:53 +0200},
  biburl    = {https://dblp.org/rec/conf/ecweb/MalakBBS04.bib},
  bibsource = {dblp computer science bibliography, https://dblp.org}
}

@inproceedings{DBLP:conf/iastedSEA/BadriBB04,
  author    = {Linda Badri and
               Mourad Badri and
               Velou St{\'{e}}phane Bl{\'{e}}},
  editor    = {M. H. Hamza},
  title     = {Object-oriented integration testing: {A} method level based approach},
  booktitle = {Proceedings of the {IASTED} Conference on Software Engineering and
               Applications, November 9-11, 2004, MIT, Cambridge, MA, {USA}},
  pages     = {324--330},
  publisher = {{IASTED/ACTA} Press},
  year      = {2004},
  timestamp = {Mon, 18 Jun 2007 14:30:27 +0200},
  biburl    = {https://dblp.org/rec/conf/iastedSEA/BadriBB04.bib},
  bibsource = {dblp computer science bibliography, https://dblp.org}
}

@inproceedings{DBLP:conf/iastedSEA/TessierBB04,
  author    = {F. Tessier and
               Mourad Badri and
               Linda Badri},
  editor    = {M. H. Hamza},
  title     = {An early detection of semantic conflicts between aspects: {A} model
               analysis based technique},
  booktitle = {Proceedings of the {IASTED} Conference on Software Engineering and
               Applications, November 9-11, 2004, MIT, Cambridge, MA, {USA}},
  pages     = {623--628},
  publisher = {{IASTED/ACTA} Press},
  year      = {2004},
  timestamp = {Mon, 18 Jun 2007 01:00:00 +0200},
  biburl    = {https://dblp.org/rec/conf/iastedSEA/TessierBB04.bib},
  bibsource = {dblp computer science bibliography, https://dblp.org}
}

@inproceedings{DBLP:conf/prima/BoudiafMBB04,
  author    = {Noura Boudiaf and
               Farid Mokhati and
               Mourad Badri and
               Linda Badri},
  editor    = {Mike Barley and
               Nikola K. Kasabov},
  title     = {Specifying {DIMA} Multi-agents Models Using Maude},
  booktitle = {Intelligent Agents and Multi-Agent Systems, 7th Pacific Rim International
               Workshop on Multi-Agents, {PRIMA} 2004, Auckland, New Zealand, August
               8-13, 2004, Revised Selected Papers},
  series    = {Lecture Notes in Computer Science},
  volume    = {3371},
  pages     = {29--42},
  publisher = {Springer},
  year      = {2004},
  url       = {https://doi.org/10.1007/978-3-540-32128-6\_3},
  doi       = {10.1007/978-3-540-32128-6\_3},
  timestamp = {Tue, 14 May 2019 10:00:54 +0200},
  biburl    = {https://dblp.org/rec/conf/prima/BoudiafMBB04.bib},
  bibsource = {dblp computer science bibliography, https://dblp.org}
}

@inproceedings{DBLP:conf/fates/BadriBN03,
  author    = {Mourad Badri and
               Linda Badri and
               Marius Naha},
  editor    = {Alexandre Petrenko and
               Andreas Ulrich},
  title     = {A Use Case Driven Testing Process: Towards a Formal Approach Based
               on {UML} Collaboration Diagrams},
  booktitle = {Formal Approaches to Software Testing, Third International Workshop
               on Formal Approaches to Testing of Software, {FATES} 2003, Montreal,
               Quebec, Canada, October 6th, 2003},
  series    = {Lecture Notes in Computer Science},
  volume    = {2931},
  pages     = {223--235},
  publisher = {Springer},
  year      = {2003},
  url       = {https://doi.org/10.1007/978-3-540-24617-6\_16},
  doi       = {10.1007/978-3-540-24617-6\_16},
  timestamp = {Tue, 14 May 2019 10:00:49 +0200},
  biburl    = {https://dblp.org/rec/conf/fates/BadriBN03.bib},
  bibsource = {dblp computer science bibliography, https://dblp.org}
}

@inproceedings{DBLP:conf/ic/MalakBBB02,
  author    = {Ghazwa Malak and
               Linda Badri and
               Mourad Badri and
               Nadir Belkhiter},
  editor    = {Hamid R. Arabnia and
               Youngsong Mun},
  title     = {Web-based Applications Quality: Evaluation and Perspectives},
  booktitle = {Proceedings of the International Conference on Internet Computing,
               {IC} 2002, Las Vegas, Nevada, USA, June 24-27, 2002},
  pages     = {939--946},
  publisher = {{CSREA} Press},
  year      = {2002},
  timestamp = {Fri, 03 Feb 2017 14:05:09 +0100},
  biburl    = {https://dblp.org/rec/conf/ic/MalakBBB02.bib},
  bibsource = {dblp computer science bibliography, https://dblp.org}
}

@inproceedings{DBLP:conf/inforsid/BelkhiterMBB02,
  author    = {Nadir Belkhiter and
               Ghazwa Malak and
               Mourad Badri and
               Linda Badri},
  title     = {Evaluation de la qualit{\'{e}} des applications Web: {\'{e}}tat de
               l'art},
  booktitle = {Actes du XX{\`{e}}me Congr{\`{e}}s INFORSID, Nantes, France, 4-7 juin,
               2002},
  pages     = {107--122},
  year      = {2002},
  timestamp = {Tue, 03 May 2005 14:47:10 +0200},
  biburl    = {https://dblp.org/rec/conf/inforsid/BelkhiterMBB02.bib},
  bibsource = {dblp computer science bibliography, https://dblp.org}
}

@inproceedings{DBLP:conf/jfsma/SabasDB01,
  author    = {Ars{\`{e}}ne Sabas and
               Sylvain Delisle and
               Mourad Badri},
  editor    = {Amal El Fallah Seghrouchni and
               Laurent Magnin},
  title     = {Vers une unification des m{\'{e}}thodologies de d{\'{e}}veloppement
               des Syst{\`{e}}mes Multiagents (poster)},
  booktitle = {Fondements des syst{\`{e}}mes multi-agents : mod{\`{e}}les, sp{\'{e}}cifications
               formelles et v{\'{e}}rification - {JFIADSMA} 01 - neuvi{\`{e}}me journ{\'{e}}es
               francophones d'Intelligence Artificielle et syst{\`{e}}mes multi-agents,
               Montr{\'{e}}al, Qu{\'{e}}bec, Canada, November 12-14, 2001},
  pages     = {327--330},
  publisher = {Herm{\`{e}}s Lavoisier Editions},
  year      = {2001},
  timestamp = {Wed, 12 Aug 2020 21:55:19 +0200},
  biburl    = {https://dblp.org/rec/conf/jfsma/SabasDB01.bib},
  bibsource = {dblp computer science bibliography, https://dblp.org}
}

